<record><leader>00000cas a22000007a 4500</leader><controlfield tag="001">36161140</controlfield><controlfield tag="008">970106c19899999okudn n       0    0eng d</controlfield><datafield ind1=" " ind2=" " tag="010"><subfield code="a">sn 97064703 </subfield></datafield><datafield ind1=" " ind2=" " tag="040"><subfield code="a">OBN</subfield><subfield code="b">eng</subfield><subfield code="c">OBN</subfield><subfield code="d">OCLCQ</subfield><subfield code="d">OCLCF</subfield><subfield code="d">OCLCO</subfield></datafield><datafield ind1="1" ind2=" " tag="029"><subfield code="a">AU@</subfield><subfield code="b">000013030180</subfield></datafield><datafield ind1=" " ind2=" " tag="042"><subfield code="a">msc</subfield></datafield><datafield ind1=" " ind2=" " tag="043"><subfield code="a">n-us-ok</subfield></datafield><datafield ind1="0" ind2=" " tag="130"><subfield code="a">Alva review-courier (Alva, Okla. : 1989)</subfield></datafield><datafield ind1="1" ind2="0" tag="245"><subfield code="a">Alva review-courier.</subfield></datafield><datafield ind1="3" ind2=" " tag="246"><subfield code="a">Alva review courier combined with Woods County news</subfield></datafield><datafield ind1="3" ind2=" " tag="246"><subfield code="a">Alva review courier combined with Woods County news and the Alva advocate and newsgram</subfield></datafield><datafield ind1=" " ind2=" " tag="260"><subfield code="a">Alva, Okla. :</subfield><subfield code="b">Hammell Newspapers of Okla.</subfield></datafield><datafield ind1=" " ind2=" " tag="300"><subfield code="a">v.</subfield></datafield><datafield ind1=" " ind2=" " tag="310"><subfield code="a">Daily (except Wed. and Sat.),</subfield><subfield code="b">Jan. 3, 1991-</subfield></datafield><datafield ind1=" " ind2=" " tag="321"><subfield code="a">Daily (except Sat.),</subfield><subfield code="b">Aug. 26-Dec. 31, 1990</subfield></datafield><datafield ind1=" " ind2=" " tag="321"><subfield code="a">Semiweekly,</subfield><subfield code="b">Dec. 17, 1989-Aug. 23, 1990</subfield></datafield><datafield ind1="0" ind2=" " tag="362"><subfield code="a">Vol. 96, no. 228 (Dec. 17, 1989)-</subfield></datafield><datafield ind1=" " ind2=" " tag="500"><subfield code="a">Published as: Alva review-courier combined with Woods County news, Dec. 17, 1989-Apr. 4, 1990.</subfield></datafield><datafield ind1=" " ind2=" " tag="500"><subfield code="a">Published as: Alva review courier combined with Woods County news and the Alva advocate &amp; newsgram, Apr. 8, 1990-Oct 4, 1991.</subfield></datafield><datafield ind1=" " ind2="0" tag="651"><subfield code="a">Alva (Okla.)</subfield><subfield code="v">Newspapers.</subfield></datafield><datafield ind1=" " ind2="0" tag="651"><subfield code="a">Woods County (Okla.)</subfield><subfield code="v">Newspapers.</subfield></datafield><datafield ind1=" " ind2="7" tag="655"><subfield code="a">Newspapers.</subfield><subfield code="2">fast</subfield><subfield code="0">(OCoLC)fst01423814</subfield></datafield><datafield ind1=" " ind2="7" tag="651"><subfield code="a">Oklahoma</subfield><subfield code="z">Alva.</subfield><subfield code="2">fast</subfield><subfield code="0">(OCoLC)fst01220625</subfield></datafield><datafield ind1=" " ind2="7" tag="651"><subfield code="a">Oklahoma</subfield><subfield code="z">Woods County.</subfield><subfield code="2">fast</subfield><subfield code="0">(OCoLC)fst01259728</subfield></datafield><datafield ind1=" " ind2=" " tag="752"><subfield code="a">United States</subfield><subfield code="b">Oklahoma</subfield><subfield code="c">Woods</subfield><subfield code="d">Alva.</subfield></datafield><datafield ind1="0" ind2="0" tag="780"><subfield code="t">Alva review-courier and Woods County news</subfield><subfield code="w">(DLC)sn 97064702</subfield><subfield code="w">(OCoLC)36160822</subfield></datafield><datafield ind1="0" ind2="5" tag="780"><subfield code="t">Alva advocate</subfield></datafield><datafield ind1="0" ind2="5" tag="780"><subfield code="t">Newsgram (Alva, Okla.)</subfield><subfield code="w">(DLC)sn 96093087</subfield><subfield code="w">(OCoLC)35786414</subfield></datafield></record>